% Encoding: UTF-8
@online{douban_dataset,
	author = {midori27},
	title = {豆瓣电影数据集12万+用户影评40万+爬虫程序(可做推荐系统)},
	date = {21 Aug 2018},
	url = {https://download.csdn.net/download/qq_37717661/10617933},
}

@online{moivelens1m_dataset,
	author = {GroupLens},
	title = {MovieLens 1M Dataset},
	date = {21 Aug 2018},
	url = {https://grouplens.org/datasets/movielens/1m/},
}

@inproceedings{Herlocker:1999:AFP:312624.312682,
	author = {Herlocker, Jonathan L. and Konstan, Joseph A. and Borchers, Al and Riedl, John},
	title = {An Algorithmic Framework for Performing Collaborative Filtering},
	booktitle = {Proceedings of the 22Nd Annual International ACM SIGIR Conference on Research and Development in Information Retrieval},
	series = {SIGIR '99},
	year = {1999},
	isbn = {1-58113-096-1},
	location = {Berkeley, California, USA},
	pages = {230--237},
	numpages = {8},
	url = {http://doi.acm.org/10.1145/312624.312682},
	doi = {10.1145/312624.312682},
	acmid = {312682},
	publisher = {ACM},
	address = {New York, NY, USA},
} 

@book{推荐系统实践,
	author = {项亮},
	title = {推荐系统实践},
	date = {2012年6月},
}

@Comment{jabref-meta: databaseType:biblatex;}
